@misc{tocci1997digital,
  title={Digital Systems Principles and Applications},
  author={Tocci Ronald, J},
  year={1997},
  publisher={Prentice-Hall International Inc}
}
@book{singh2006digital,
  title={Digital Principles Foundation Of Circuit Design And Application},
  author={Singh, Arun Kumar},
  year={2006},
  publisher={New Age International}
}
@book{floyd2011digital,
  title={Digital Fundamentals, 10/e},
  author={Floyd, Thomas L},
  year={2011},
  publisher={Pearson Education India}
}
@misc{ref-xnor,
  author = {Eric Coates},
  title = {{Binary Comparators}},
  howpublished = "\url{http://www.learnabout-electronics.org/Digital/dig43.php}",
  year = {2001}, 
  note = "[Online; accessado em 06-Outubro-2015]"
}
@misc{btn-ideal,
  author = {National Instruments},
  title = {{Digital Timing: Clock Signals, Jitter, Hystereisis, and Eye Diagrams}},
  howpublished = "\url{http://www.ni.com/white-paper/3299/en/}",
  year = {2015}, 
  note = "[Online; accessado em 06-Outubro-2015]"
}
@misc{btn-real,
  author = {Wikimedia},
  title = {{Switch - Bounce}},
  howpublished = "\url{https://upload.wikimedia.org/wikipedia/commons/a/ac/Bouncy_Switch.png}",
  year = {2015}, 
  note = "[Online; accessado em 06-Outubro-2015]"
}
@misc{debouncing-reason,
  author = {Andrew Greensted},
  title = {{Switch Debouncing}},
  howpublished = "\url{http://www.labbookpages.co.uk/electronics/debounce.html}",
  year = {2010}, 
  note = "[Online; accessado em 06-Outubro-2015]"
}
@misc{debouncing-theory,
  author = {Scott Larson},
  title = {{Debounce Logic Circuit (with VHDL example)}},
  howpublished = "\url{https://www.eewiki.net/display/LOGIC/Debounce+Logic+Circuit+(with+VHDL+example)}",
  year = {2013}, 
  note = "[Online; accessado em 06-Outubro-2015]"
}
@misc{debouncing-ex,
  author = {Desconhecido},
  title = {{}},
  howpublished = "\url{http://i.stack.imgur.com/FY9Cs.png}",
  year = {2012}, 
  note = "[Online; accessado em 06-Outubro-2015]"
}

